<record><leader>00000cas a22000007a 4500</leader><controlfield tag="001">19990818</controlfield><controlfield tag="008">890711d18951896pr wr ne      0    0spa d</controlfield><datafield ind1=" " ind2=" " tag="010"><subfield code="a">sn 89078087 </subfield></datafield><datafield ind1=" " ind2=" " tag="040"><subfield code="a">PNN</subfield><subfield code="b">eng</subfield><subfield code="c">PNN</subfield><subfield code="d">OCLCQ</subfield></datafield><datafield ind1=" " ind2=" " tag="042"><subfield code="a">msc</subfield></datafield><datafield ind1=" " ind2="4" tag="050"><subfield code="a">KF8896.Z9</subfield><subfield code="b">N66  1999</subfield></datafield><datafield ind1="0" ind2="3" tag="245"><subfield code="a">El la&#769;tigo.</subfield></datafield><datafield ind1=" " ind2=" " tag="260"><subfield code="a">Aguadilla, P.R. :</subfield><subfield code="b">Imp. El La&#769;tigo</subfield></datafield><datafield ind1=" " ind2=" " tag="300"><subfield code="a">v.</subfield></datafield><datafield ind1=" " ind2=" " tag="310"><subfield code="a">Weekly</subfield></datafield><datafield ind1="1" ind2=" " tag="362"><subfield code="a">Began in June 1895; ceased in Aug. 1896.</subfield></datafield><datafield ind1=" " ind2=" " tag="500"><subfield code="a">"Perio&#769;dico poli&#769;tico espan&#771;ol."</subfield></datafield><datafield ind1=" " ind2=" " tag="588"><subfield code="a">Description based on: An&#771;o 2, nu&#769;m. 59 (13 de agosto de 1896).</subfield></datafield><datafield ind1=" " ind2=" " tag="752"><subfield code="a">United States</subfield><subfield code="b">Puerto Rico</subfield><subfield code="d">Aguadilla.</subfield></datafield></record>